@misc{one,
author = {William Gropp},
title = {Lecture 34: One-sided Communication in MPI},
howpublished = {\url{http://wgropp.cs.illinois.edu/courses/cs598-s16/lectures/lecture34.pdf}},
month = {},
year = {},
note = {(Accessed on 04/05/2019)}
},
@inproceedings{one1,
  title={An evaluation of implementation options for MPI one-sided communication},
  author={William Gropp and  Rajeev Thakur},
  booktitle={European Parallel Virtual Machine/Message Passing Interface Users' Group Meeting},
  pages={415--424},
  year={2005},
  organization={Springer}
},
@misc{io,
author = {William Gropp},
title = {Lecture 32: Introduction to MPI I/O},
howpublished = {\url{http://wgropp.cs.illinois.edu/courses/cs598-s16/lectures/lecture32.pdf}},
month = {},
year = {},
note = {(Accessed on 04/05/2019)}
},
@misc{io2,
author = {Rajeev Thakur},
title = {Parallel I/O and MPI-IO},
howpublished = {\url{http://www.training.prace-ri.eu/uploads/tx_pracetmo/pio1.pdf}},
month = {},
year = {},
note = {(Accessed on 04/05/2019)}
},
@misc{transp,
author = {William Gropp},
title = {Lecture 7: Matrix Transpose},
howpublished = {\url{http://wgropp.cs.illinois.edu/courses/cs598-s16/lectures/lecture07.pdf}},
month = {},
year = {},
note = {(Accessed on 04/05/2019)}
},
@misc{MPIAMess20:online,
author = {Message Passing Interface Forum},
title = {MPI: A Message-Passing Interface Standard},
howpublished = {\url{https://www.mpi-forum.org/docs/mpi-3.1/mpi31-report.pdf}},
month = {},
year = {},
note = {(Accessed on 04/05/2019)}
},
@misc{TalkDWWp88:online,
author = {David W. Walker and Fred G. Gustavson},
title = {Algorithms for In-Place Matrix Transposition},
howpublished = {\url{http://www.netlib.org/utk/people/JackDongarra/CCDSC-2014/talk35.pdf}},
month = {},
year = {},
note = {(Accessed on 04/05/2019)}
},
@misc{mpich,
author = {},
title = {MPICH Overview | MPICH},
howpublished = {\url{https://www.mpich.org/about/overview/}},
month = {},
year = {},
note = {(Accessed on 04/05/2019)}
},
@misc{ompi,
author = {},
title = {Getting Help},
howpublished = {\url{https://www.open-mpi.org/community/help/}},
month = {},
year = {},
note = {(Accessed on 04/05/2019)}
},
@misc{omp,
author = {},
title = {Home - OpenMP},
howpublished = {\url{https://www.openmp.org/}},
month = {},
year = {},
note = {(Accessed on 04/05/2019)}
}